<collection xmlns="http://www.loc.gov/MARC21/slim">
<record>
  <leader>01144nam0a22002291i 450 </leader>
  <controlfield tag="001">IT\ICCU\CNCE\053538</controlfield>
  <controlfield tag="005">20021129000000.0</controlfield>
  <datafield tag="012" ind1=" " ind2=" ">
    <subfield code="a">usum ua*. o,eo AbSi (3) 1551 (R)</subfield>
    <subfield code="2">fei</subfield>
  </datafield>
  <datafield tag="100" ind1=" " ind2=" ">
    <subfield code="a">20021128d1551        0itac0103    ba</subfield>
  </datafield>
  <datafield tag="101" ind1=" " ind2=" ">
    <subfield code="a">LAT</subfield>
  </datafield>
  <datafield tag="102" ind1=" " ind2=" ">
    <subfield code="a">IT</subfield>
  </datafield>
  <datafield tag="200" ind1="1" ind2=" ">
    <subfield code="a">Dictionarium seu thesaurus latinae linguae non singulas dictiones modo continens, sed integras quoque Latine &amp; loquendi, &amp; scribendi formulas ex optimis quibusque authoribus, ... nuper Venetiis impressus, omnibus mendis diligenter expurgatus, &amp; locupletatus, per Marium Nizolium Brixellensem, ...</subfield>
  </datafield>
  <datafield tag="210" ind1=" " ind2=" ">
    <subfield code="a">Venetiis</subfield>
    <subfield code="c">ex Sirenis officina</subfield>
    <subfield code="d">1551</subfield>
    <subfield code="e">Venetiis</subfield>
    <subfield code="g">apud haeredes Petri Rauani et socios</subfield>
    <subfield code="h">mense Octobri 1550</subfield>
  </datafield>
  <datafield tag="215" ind1=" " ind2=" ">
    <subfield code="a">\10!, 1146, 1170, 686 p.</subfield>
    <subfield code="d">fol</subfield>
  </datafield>
  <datafield tag="300" ind1=" " ind2=" ">
    <subfield code="a">ANNULLATA  !!!!!!!   vedi  18340</subfield>
  </datafield>
  <datafield tag="620" ind1=" " ind2=" ">
    <subfield code="a">IT</subfield>
    <subfield code="d">Venezia</subfield>
  </datafield>
  <datafield tag="700" ind1=" " ind2="1">
    <subfield code="a">Nizzoli,</subfield>
    <subfield code="b">Mario</subfield>
    <subfield code="3">IT\ICCU\CNCA\003171</subfield>
  </datafield>
  <datafield tag="712" ind1="0" ind2="0">
    <subfield code="a">Ravani, Pietro - eredi &amp; C.</subfield>
    <subfield code="3">IT\ICCU\CNCT\002927</subfield>
    <subfield code="4">650</subfield>
  </datafield>
  <datafield tag="790" ind1=" " ind2="1">
    <subfield code="a">Nizolius,</subfield>
    <subfield code="b">Marius</subfield>
    <subfield code="3">IT\ICCU\CNCA\014787</subfield>
    <subfield code="z">Nizzoli, Mario</subfield>
  </datafield>
  <datafield tag="790" ind1=" " ind2="1">
    <subfield code="a">Nizolio,</subfield>
    <subfield code="b">Mario</subfield>
    <subfield code="3">IT\ICCU\CNCA\022317</subfield>
    <subfield code="z">Nizzoli, Mario</subfield>
  </datafield>
  <datafield tag="801" ind1=" " ind2="3">
    <subfield code="a">IT</subfield>
    <subfield code="b">ICCU</subfield>
    <subfield code="c">20201115</subfield>
  </datafield>
  <datafield tag="899" ind1=" " ind2=" ">
    <subfield code="a">Biblioteca civica. Cuneo</subfield>
    <subfield code="1">CN0037</subfield>
    <subfield code="2">TO0 50</subfield>
  </datafield>
</record>
</collection>
